
@article{cruickshank2003changing,
  title={The changing role of engineers},
  author={Cruickshank, H},
  journal={Engineering Management Journal},
  volume={13},
  year={2003},
  pages={24--29}
}

@book{macnaghten2006risk,
  title={Risk and the Environment},
  author={Macnaghten, P},
  year={2006},
  pages={132--146}
}

@article{suppiah2007australian,
  title={Australian climate change projections derived from simulations performed for the IPCC 4th Assessment Report},
  author={Suppiah, R and Hennessy, K and Whetton, P and Mcinnes, K and Macadam, I and Bathols, J and Ricketts, J and Page, C},
  journal={Aust Meteorol Mag},
  volume={56},
  year={2007},
  pages={131--152}
}

@article{barbier1987concept,
  title={The concept of sustainable economic development},
  author={Barbier, E},
  journal={Environmental Conservation},
  volume={14},
  year={1987},
  pages={101--110}
}

@article{bakari2018south,
  title={Why is South Africa Still a Developing Country?},
  author={Bakari, S and Ahmadi, A},
  journal={International Academic Journal of Economics},
  volume={05},
  year={2018},
  pages={1--19}
}

@book{collins2014long,
  title={Long-term Climate Change: Projections, Commitments and Irreversibility},
  author={Collins, M and Knutti, R and Arblaser, J and Dufresne, JL and Fichefet, T and Friedlingstein, P and Gao, X and Gutowski, W and Johns, T and Krinner, G and Shongwe, M and Teballdi, C and Weaver, A and Wehner, M},
  year={2014},
  pages={1029--1136}
}

@article{subramanian2018crisis,
  title={The crisis of consumption of natural resources},
  author={Subramanian, K},
  journal={International Journal of Environmental Sciences},
  volume={02},
  year={2018},
  pages={8--19}
}

@article{basara2018kant,
  title={Kant's categorical imperative and duty},
  author={Basara, K},
  journal={International Journal for Empirical Education and Research},
  year={2018},
  pages={16--26}
}

@article{appannagari2017environmental,
  title={Environmental Pollution Causes and Consequences: A Study},
  author={Appannagari, RR},
  year={2017},
  volume={3}
}

@article{ismail2018narrative,
  title={A narrative review of ethics theories: Teleological and deontological ethics},
  author={Ismail, NSA and Benlahcene, A},
  journal={International Journal of Medical Research \& Health Sciences},
  volume={23},
  year={2018},
  pages={31--38}
}
